<record><leader>00000cas a22000007i 4500</leader><controlfield tag="001">112551692</controlfield><controlfield tag="006">m     o  d        </controlfield><controlfield tag="007">cr unu||||||||</controlfield><controlfield tag="008">070331d17911793paucr neo     0   a0eng d</controlfield><datafield ind1=" " ind2=" " tag="010"><subfield code="a">  2016271169</subfield></datafield><datafield ind1=" " ind2=" " tag="040"><subfield code="a">AMHNW</subfield><subfield code="b">eng</subfield><subfield code="c">AMHNW</subfield><subfield code="d">OCLCQ</subfield><subfield code="d">OCLCA</subfield><subfield code="d">OCLCF</subfield><subfield code="d">HMM</subfield><subfield code="d">OCLCO</subfield><subfield code="d">KTP</subfield><subfield code="d">OCLCQ</subfield><subfield code="d">DLC</subfield><subfield code="d">OCLCO</subfield></datafield><datafield ind1="0" ind2=" " tag="022"><subfield code="a">2474-3127</subfield><subfield code="2">1</subfield></datafield><datafield ind1="1" ind2=" " tag="029"><subfield code="a">AU@</subfield><subfield code="b">000044943079</subfield></datafield><datafield ind1="1" ind2=" " tag="029"><subfield code="a">AU@</subfield><subfield code="b">000045733796</subfield></datafield><datafield ind1=" " ind2=" " tag="042"><subfield code="a">msc</subfield><subfield code="a">nsdp</subfield></datafield><datafield ind1=" " ind2=" " tag="043"><subfield code="a">n-us-pa</subfield></datafield><datafield ind1=" " ind2=" " tag="045"><subfield code="a">v9v9</subfield></datafield><datafield ind1="1" ind2="0" tag="050"><subfield code="a">ISSN RECORD</subfield></datafield><datafield ind1="1" ind2="4" tag="050"><subfield code="a">AP2.A2</subfield><subfield code="b">A63 Box 65</subfield></datafield><datafield ind1=" " ind2=" " tag="052"><subfield code="a">3824</subfield><subfield code="b">P5</subfield></datafield><datafield ind1="1" ind2="0" tag="082"><subfield code="a">071</subfield><subfield code="2">23</subfield></datafield><datafield ind1="0" ind2=" " tag="130"><subfield code="a">National gazette (Philadelphia, Pa. : 1791)</subfield></datafield><datafield ind1=" " ind2="0" tag="222"><subfield code="a">National gazette (Philadelphia, Pa. 1791. Online)</subfield></datafield><datafield ind1="1" ind2="0" tag="245"><subfield code="a">National gazette.</subfield></datafield><datafield ind1=" " ind2="1" tag="264"><subfield code="a">Philadelphia [Pa.] :</subfield><subfield code="b">Philip Freneau,</subfield><subfield code="c">1791-1793.</subfield></datafield><datafield ind1=" " ind2=" " tag="310"><subfield code="a">Semiweekly</subfield></datafield><datafield ind1=" " ind2=" " tag="336"><subfield code="a">text</subfield><subfield code="b">txt</subfield><subfield code="2">rdacontent</subfield></datafield><datafield ind1=" " ind2=" " tag="337"><subfield code="a">computer</subfield><subfield code="b">c</subfield><subfield code="2">rdamedia</subfield></datafield><datafield ind1=" " ind2=" " tag="338"><subfield code="a">online resource</subfield><subfield code="b">cr</subfield><subfield code="2">rdacarrier</subfield></datafield><datafield ind1="1" ind2=" " tag="362"><subfield code="a">Began with vol. I, numb. I (October 31, 1791); ceased with numb. 104 of vol. II (October 26, 1793) [total numb. 208].</subfield></datafield><datafield ind1=" " ind2=" " tag="515"><subfield code="a">Oct. 31, 1791-Oct. 27, 1792 constitutes v. 1, no. 1-104; Oct. 31, 1792-&lt;Mar. 6, 1793&gt; constitutes v. 2, no. 1-&lt;37&gt;, total no. 105-&lt;141&gt;</subfield></datafield><datafield ind1=" " ind2=" " tag="530"><subfield code="a">Also issued on microfilm and microopaque from Readex Microprint Corp., and on microfilm from the Library of Congress, Photoduplication Service.</subfield></datafield><datafield ind1=" " ind2=" " tag="588"><subfield code="a">Description based on: Vol. I, Numb. I (October 31, 1791); title from masthead (Chroniclingamerica.loc.gov, viewed September 21, 2016).</subfield></datafield><datafield ind1=" " ind2=" " tag="588"><subfield code="a">Latest issue consulted: Numb. 104 of Vol. II (October 26, 1793) [Total Numb. 208] (Chroniclingamerica.loc.gov, viewed September 21, 2016).</subfield></datafield><datafield ind1=" " ind2="0" tag="651"><subfield code="a">Philadelphia (Pa.)</subfield><subfield code="v">Newspapers.</subfield></datafield><datafield ind1=" " ind2="0" tag="651"><subfield code="a">Philadelphia County (Pa.)</subfield><subfield code="v">Newspapers.</subfield></datafield><datafield ind1=" " ind2="7" tag="651"><subfield code="a">Pennsylvania</subfield><subfield code="z">Philadelphia.</subfield><subfield code="2">fast</subfield><subfield code="0">(OCoLC)fst01204170</subfield></datafield><datafield ind1=" " ind2="7" tag="651"><subfield code="a">Pennsylvania</subfield><subfield code="z">Philadelphia County.</subfield><subfield code="2">fast</subfield><subfield code="0">(OCoLC)fst01217128</subfield></datafield><datafield ind1=" " ind2="7" tag="655"><subfield code="a">Newspapers.</subfield><subfield code="2">fast</subfield><subfield code="0">(OCoLC)fst01423814</subfield></datafield><datafield ind1=" " ind2=" " tag="752"><subfield code="a">United States</subfield><subfield code="b">Pennsylvania</subfield><subfield code="c">Philadelphia</subfield><subfield code="d">Philadelphia.</subfield></datafield><datafield ind1="0" ind2="8" tag="776"><subfield code="i">Originally issued in print:</subfield><subfield code="t">National gazette (Philadelphia, Pa. : 1791)</subfield><subfield code="x">2474-3119</subfield><subfield code="w">(DLC)sn 83025887</subfield><subfield code="w">(OCoLC)1759224</subfield></datafield><datafield ind1=" " ind2="0" tag="830"><subfield code="a">Early American newspapers.</subfield></datafield><datafield ind1="4" ind2="0" tag="856"><subfield code="3">Vol. 1, no. 44. March 15, 1792. Page [173]</subfield><subfield code="u">http://nrs.harvard.edu/urn-3:FHCL.HOUGH:13477996?buttons=y</subfield><subfield code="z">Color digital image available</subfield></datafield><datafield ind1="4" ind2="0" tag="856"><subfield code="3">Vol. 1, no. 44. March 15, 1792. Page 174</subfield><subfield code="u">http://nrs.harvard.edu/urn-3:FHCL.HOUGH:13477997?buttons=y</subfield><subfield code="z">Color digital image available</subfield></datafield><datafield ind1="4" ind2="0" tag="856"><subfield code="3">Vol. 1, no. 44. March 15, 1792. Page 175</subfield><subfield code="u">http://nrs.harvard.edu/urn-3:FHCL.HOUGH:13477998?buttons=y</subfield><subfield code="z">Color digital image available</subfield></datafield><datafield ind1="4" ind2="0" tag="856"><subfield code="u">http://infoweb.newsbank.com/?db=EANX&amp;s_browseRef=decades/10E6125A1E3BBB18/all.xml</subfield></datafield><datafield ind1="4" ind2="0" tag="856"><subfield code="u">http://chroniclingamerica.loc.gov/lccn/sn83025887/issues/</subfield></datafield></record>